\begin{small}

\bibliographystyle{unsrt}
\nocite{*}
\bibliography{CubeSat}
\bibliography{CubeSat Constellation-Satellite Design-Components}

\end{small}


\end{document}