Automatically generated by Mendeley Desktop 1.16.3
Any changes to this file will be lost if it is regenerated by Mendeley.

BibTeX export options can be customized via Options -> BibTeX in Mendeley Desktop

@article{SecretariadeEstadodetelecomunicacionesyparalasociedaddelainformacion.2015,
author = {{Secretar{\'{i}}a de Estado de telecomunicaciones y para la sociedad de la informaci{\'{o}}n.}},
file = {:C$\backslash$:/Users/Packard/Downloads/cuadroAtribuciones2013 (1).pdf:pdf},
pages = {3--110},
title = {{Cuadro Nacional de Atribuci{\'{o}}n de Frecuencias (CNAF) revisado 2015}},
url = {http://www.minetur.gob.es/telecomunicaciones/es-ES/Servicios/Certificacion/directiva5CE/Recomendaciones/Paginas/equipos-radio.aspx},
year = {2015}
}
@article{GomSpace2011,
author = {GomSpace},
file = {:C$\backslash$:/Users/Packard/Desktop/Astrea PROJECTES TEAM/satellite design/parts/GS-SOLAR-BATTERY-CONFIG-NANOPOWER-1.0.0.pdf:pdf},
title = {{DFF-GOM-MA-1135 [1.0] - NanoPower P-series Solar Cell and Battery Connections The NanoPower-Series}},
url = {http://gomspace.com/documents/GS-SOLAR-BATTERY-CONFIG-NANOPOWER-1.0.0.pdf},
year = {2011}
}
@article{Plate2007,
author = {Plate, Payload Adapter},
file = {:C$\backslash$:/Users/Packard/Desktop/Astrea PROJECTES TEAM/satellite design/parts/cubesatkitsystemchart.pdf:pdf},
pages = {3000},
title = {{Structural Components Modules {\&} Electronics Transport Legend}},
year = {2007}
}
@article{Foundation,
author = {Foundation, The},
file = {:C$\backslash$:/Users/Packard/Desktop/Astrea PROJECTES TEAM/link budget/Link{\_}Budget{\_}Calculation.pdf:pdf},
journal = {Training},
title = {{Training materials for the}}
}
@article{Features,
author = {Features, K E Y},
file = {:C$\backslash$:/Users/Packard/Desktop/Astrea PROJECTES TEAM/link budget/transciever/EWC27{\_}V3.10.pdf:pdf},
number = {0},
pages = {6--7},
title = {{X-Band Transmitter}},
volume = {33}
}
@article{Pumpkin2015,
author = {Pumpkin},
file = {:C$\backslash$:/Users/Packard/Desktop/Astrea PROJECTES TEAM/satellite design/parts/pricelist.pdf:pdf},
number = {415},
pages = {1--31},
title = {{Pumpkin Price List}},
year = {2015}
}
@article{Receptores,
author = {Receptores, Emisores Y},
file = {:C$\backslash$:/Users/Packard/Desktop/Astrea PROJECTES TEAM/link budget/Tema 3.2 Antenas.pdf:pdf},
isbn = {9702603161},
title = {{electromagn{\'{e}}tica AVI{\'{O}}NICA M{\'{O}}DULO 3}}
}
@article{Determination2015,
author = {Determination, Attitude},
file = {:C$\backslash$:/Users/Packard/Desktop/Astrea PROJECTES TEAM/link budget/transciever/uXTx-100.pdf:pdf},
title = {{ÂµXTx - 100 X - Band Transmitter}},
year = {2015}
}
@article{Ichikawa,
author = {Ichikawa, Dylan},
file = {:C$\backslash$:/Users/Packard/Desktop/Astrea PROJECTES TEAM/link budget/Ichikawa{\_}Dylan{\_}FA06.pdf:pdf},
title = {{Cubesat-To-Ground Communication and Mobile Modular Ground- Station Development}}
}
@article{GOMSpace2012,
author = {GOMSpace},
file = {:C$\backslash$:/Users/Packard/Desktop/Astrea PROJECTES TEAM/satellite design/parts/gs-ds-nanocom-ant430-2.0.pdf:pdf},
journal = {Gs-Ds-Nanocom-Ant-1.1},
number = {1},
pages = {1--7},
title = {{NanoCom ANT430 70 cm band antenna Datasheet}},
volume = {1},
year = {2012}
}
@article{Cruces2012,
author = {Cruces, Las},
file = {:C$\backslash$:/Users/Packard/Desktop/Astrea PROJECTES TEAM/link budget/antenna/ADC-0512271640 R3 4-Patch Array data sheet.pdf:pdf},
isbn = {0601010841},
pages = {1--2},
title = {{Antenna Development Corporation}},
year = {2012}
}
@article{Jorge2012,
author = {Jorge, Carlos and Capela, Rodrigues},
file = {:C$\backslash$:/Users/Packard/Desktop/Astrea PROJECTES TEAM/link budget/Link Budget.pdf:pdf},
number = {April},
title = {{Protocol of Communications for VORSAT Satellite - Link Budget}},
year = {2012}
}
@article{Soon2014,
author = {Soon, Coming},
file = {:C$\backslash$:/Users/Packard/Desktop/Astrea PROJECTES TEAM/link budget/transciever/XTx400-X-Band-Transmitter-Datasheet.pdf:pdf},
title = {{XTx400 X-Band Transmitter XTx400 X-Band Transmitter}},
year = {2014}
}
@article{Note1998,
abstract = {Guter Einblick in die Link-Analyse},
author = {Note, Application},
file = {:C$\backslash$:/Users/Packard/Desktop/Astrea PROJECTES TEAM/link budget/an9804.pdf:pdf},
journal = {Intersil},
number = {June 1998},
pages = {1--8},
title = {{Tutorial on Basic Link Budget Analysis}},
year = {1998}
}
@article{Syrlink2014,
author = {Syrlink},
file = {:C$\backslash$:/Users/Packard/Desktop/Astrea PROJECTES TEAM/link budget/transciever/ssc14-p4-10.pdf:pdf},
journal = {28th Annual AIAA/USU Conference on Small Satellites},
pages = {86},
title = {{CCSDS Communication Products X {\&} S Band for Cube {\&} NanoSatellites (Datasheet)}},
year = {2014}
}



