@article{Soon2014,
author = {Soon, Coming},
file = {:C$\backslash$:/Users/Packard/Desktop/Astrea PROJECTES TEAM/link budget/transciever/XTx400-X-Band-Transmitter-Datasheet.pdf:pdf},
title = {{XTx400 X-Band Transmitter XTx400 X-Band Transmitter}},
year = {2014}
}
@article{Determination2015,
author = {Determination, Attitude},
file = {:C$\backslash$:/Users/Packard/Desktop/Astrea PROJECTES TEAM/link budget/transciever/uXTx-100.pdf:pdf},
title = {{ÂµXTx - 100 X - Band Transmitter}},
year = {2015}
}
@article{Syrlink2014,
author = {Syrlink},
file = {:C$\backslash$:/Users/Packard/Desktop/Astrea PROJECTES TEAM/link budget/transciever/ssc14-p4-10.pdf:pdf},
journal = {28th Annual AIAA/USU Conference on Small Satellites},
pages = {86},
title = {{CCSDS Communication Products X {\&} S Band for Cube {\&} NanoSatellites (Datasheet)}},
year = {2014}
}
@article{Features,
author = {Features, K E Y},
file = {:C$\backslash$:/Users/Packard/Desktop/Astrea PROJECTES TEAM/link budget/transciever/EWC27{\_}V3.10.pdf:pdf},
number = {0},
pages = {6--7},
title = {{X-Band Transmitter}},
volume = {33}
}
