@article{Plate2007,
author = {Plate, Payload Adapter},
file = {:C$\backslash$:/Users/Packard/Desktop/Astrea PROJECTES TEAM/satellite design/parts/cubesatkitsystemchart.pdf:pdf},
pages = {3000},
title = {{Structural Components Modules {\&} Electronics Transport Legend}},
year = {2007}
}
